<?xml version="1.0" encoding="UTF-8"?><collection xmlns="http://www.loc.gov/MARC21/slim"><record><leader>00802nam--2200217-u-4500</leader><controlfield tag="001">000053320</controlfield><controlfield tag="002">20161230</controlfield><controlfield tag="005">20161230201051</controlfield><controlfield tag="008">110311s1000------------r-----000-0-eng-d</controlfield><datafield ind1=" " ind2=" " tag="020"><subfield code="a">0821851764</subfield></datafield><datafield ind1=" " ind2=" " tag="040"><subfield code="a">IFIN-HH</subfield></datafield><datafield ind1=" " ind2=" " tag="080"><subfield code="a">517.986.2</subfield></datafield><datafield ind1="1" ind2=" " tag="100"><subfield code="a">Eastwood, Michael</subfield></datafield><datafield ind1="1" ind2="0" tag="245"><subfield code="a">The penrose transform and analytic cohomology in representation theory</subfield><subfield code="b">Ams-ims-siam summer research conference june 27 to july 3, 1992, mount holyoke college, south hadley, massacusetts</subfield><subfield code="c">Michael eastwood; joseph wolf; roger zierau (eds.)</subfield></datafield><datafield ind1=" " ind2=" " tag="260"><subfield code="a">Providence, Rhode Island</subfield><subfield code="b">Amarican Mathematical Society</subfield><subfield code="c">1993</subfield></datafield><datafield ind1=" " ind2=" " tag="300"><subfield code="a">259P</subfield></datafield><datafield ind1=" " ind2=" " tag="490"><subfield code="a">Contemporary Mathematics</subfield><subfield code="v">Vol. 154</subfield></datafield><datafield ind1=" " ind2="4" tag="650"><subfield code="a">Penrose Transform</subfield></datafield><datafield ind1="1" ind2=" " tag="700"><subfield code="a">Zierau, Roger</subfield><subfield code="e">Ed</subfield></datafield><datafield ind1=" " ind2=" " tag="852"><subfield code="a">81430</subfield><subfield code="c">519.4/5</subfield></datafield><datafield ind1=" " ind2=" " tag="CAT"><subfield code="a">Sys</subfield><subfield code="c">20110311</subfield><subfield code="h">123223</subfield></datafield></record></collection>